
@article{phenotips,
    author={Girdea, M. and Dumitriu, S. and Fiume, M. and Bowdin, S. and
        Boycott, K. M. and Ch\'{e}nier, S. and Chitayat, D. and Faghfoury, H.
        and Meyn, M. S. and Ray, P. N. and So, J. and Stavropoulos, D. J. and
        Brudno, M.},
    title={{P}heno{T}ips: Patient Phenotyping Software for Clinical and Research Use},
    journal={Human Mutation},
    volume={34},
    pages={1057-1065},
    year={2013},
}

@article{qmrdt,
    title={Variational Probabilistic Inference
an  d the {QMR-DT} Network},
    author={Jaakkola, Tommi S. and Jordan, Michael I.},
    journal={Journal of Artificial Intelligence Research},
    volume={10},
    pages={291-322},
    year={1999},
    publisher={AI Access Foundation and Morgan Kaufmann Publishers}
}

@misc{omim,
    author={{M}cKusick-{N}athans {I}nstitute of {G}enetic {M}edicine ({J}ohns {H}opkins {U}niversity)},
    title={{O}nline {M}endelian {I}nheritance in {M}an ({OMIM})},
    note={Available online at \url{http://omim.org/}},
    month=apr,
    year={2015}
}

@article{bauer2012bayesian,
    title={Bayesian ontology querying for accurate and noise-tolerant semantic searches},
    author={Bauer, Sebastian and K{\"o}hler, Sebastian and Schulz, Marcel H. and Robinson, Peter N.},
    journal={Bioinformatics},
    volume={28},
    number={19},
    pages={2502-2508},
    year={2012},
    publisher={Oxford University Press}
}

@article{kohler2009clinical,
    title={Clinical diagnostics in human genetics with semantic similarity searches in ontologies},
    author={K{\"o}hler, Sebastian and others},
    journal={The {A}merican {J}ournal of {H}uman {G}enetics},
    volume={85},
    number={4},
    pages={457-464},
    year={2009},
    publisher={Elsevier}
}

@article{kohler2014hpo,
    author = {K{\"o}hler, Sebastian and others},
    title = {The {H}uman {P}henotype {O}ntology {P}roject: {L}inking molecular biology and disease through phenotype data},
    volume = {42}, 
    number = {D1}, 
    pages = {D966-D974}, 
    year = {2014}, 
    doi = {10.1093/nar/gkt1026},
    URL = {http://nar.oxfordjournals.org/content/42/D1/D966.abstract}, 
    journal = {Nucleic {A}cids {R}esearch} 
}

@article{hamosh2005online,
    title={{O}nline {M}endelian {I}nheritance in {M}an ({OMIM}), a knowledgebase of human genes and genetic disorders},
    author={Hamosh, Ada and Scott, Alan F. and Amberger, Joanna S. and Bocchini, Carol A. and McKusick, Victor A.},
    journal={Nucleic Acids Research},
    volume={33},
    number = {D1}, 
    pages={D514-D517},
    year={2005},
    publisher={Oxford University Press}
}

@article{robinson2008human,
    title={The {H}uman {P}henotype {O}ntology: a tool for annotating and analyzing human hereditary disease},
    author={Robinson, Peter N. and K{\"o}hler, Sebastian and Bauer, Sebastian and Seelow, Dominik and Horn, Denise and Mundlos, Stefan},
    journal={The American Journal of Human Genetics},
    volume={83},
    number={5},
    pages={610-615},
    year={2008},
    publisher={Elsevier}
}

